/home/lemaigna/biblio/biblio_phd_severin.bib